% Encoding: UTF-8

@online{WikiDrug,
    title={Drug design},
    year={2022},
    url={https://en.wikipedia.org/wiki/Drug_design}
}

@misc{PyMOL,
  author={Schrödinger and LLC and Warren DeLano},
  title={PyMOL},
    year={2022},
  url={http://www.pymol.org/pymol}
}

@article{zinc,
author = {Irwin, John J. and Tang, Khanh G. and Young, Jennifer and Dandarchuluun, Chinzorig and Wong, Benjamin R. and Khurelbaatar, Munkhzul and Moroz, Yurii S. and Mayfield, John and Sayle, Roger A.},
title = {ZINC20—A Free Ultralarge-Scale Chemical Database for Ligand Discovery},
journal = {Journal of Chemical Information and Modeling},
volume = {60},
number = {12},
pages = {6065-6073},
year = {2020},
doi = {10.1021/acs.jcim.0c00675}
}

@article{CASP14,
    author = {Kryshtafovych, Andriy and Schwede, Torsten and Topf, Maya and Fidelis, Krzysztof and Moult, John},
    title = {Critical assessment of methods of protein structure prediction {(CASP)—Round XIV}},
    journal = {Proteins: Structure, Function, and Bioinformatics},
    volume = {89},
    number = {12},
    pages = {1607-1617},
    doi = {10.1002/prot.26237},
    year = {2021}
}

@Article{AlphaFold,
  author  = {Jumper, John and Evans, Richard and Pritzel, Alexander and others},
  title   = {Highly accurate protein structure prediction with {AlphaFold}},
  journal = {Nature},
  year    = {2021},
  date    = {2021-07-15},
  volume  = {596},
  pages   = {583--589},
  doi     = {10.1038/s41586-021-03819-2}
}

@Article{PLscoringCNN,
    author = {Ragoza, Matthew and Hochuli, Joshua and Idrobo, Elisa and Sunseri, Jocelyn and Koes, David Ryan},
    title = {{Protein–Ligand Scoring with Convolutional Neural Networks}},
    journal = {Journal of Chemical Information and Modeling},
    volume = {57},
    number = {4},
    pages = {942-957},
    year = {2017},
    doi = {10.1021/acs.jcim.6b00740}
}

@misc{ProtRepr,
  doi = {10.48550/ARXIV.2105.07407},
  author = {Laine, Elodie and Eismann, Stephan and Elofsson, Arne and Grudinin, Sergei},
  title = {Protein sequence-to-structure learning: Is this the end(-to-end revolution)?},
  publisher = {arXiv},
  year = {2021}
}

@Article{DSNet,
  author  = {Ning Wang and Yipeng Zhang and Lefei Zhang},
  title   = {{Dynamic Selection Network for Image Inpainting}},
  journal = {{IEEE} Transactions on Image Processing},
  year    = {2021},
  date    = {2021-01-08},
  volume  = {30},
  pages   = {1784--1798},
  doi     = {10.1109/tip.2020.3048629},
  url     = {https://github.com/wangning-001/DSNet}
}

@InProceedings{RFR,
  author    = {Jingyuan Li and Ning Wangand Lefei Zhang and Bo Du and Dacheng Tao},
  title     = {Recurrent Feature Reasoning for Image Inpainting},
  booktitle = {Proceedings of the IEEE/CVF Conference on Computer Vision and Pattern Recognition (CVPR)},
  year      = {2020},
  pages     = {7760--7768},
  doi       = {10.48550/arXiv.2008.03737}
}

@InProceedings{LaMa,
  author    = {Roman Suvorov and Elizaveta Logacheva and Anton Mashikhin and Anastasia Remizova and Arsenii Ashukha and Aleksei Silvestrov and Naejin Kong and Harshith Goka and Kiwoong Park and Victor Lempitsky},
  title     = {Resolution-Robust Large Mask Inpainting With Fourier Convolutions},
  booktitle = {roceedings of the IEEE/CVF Winter Conference on Applications of Computer Vision (WACV)},
  year      = {2022},
  pages     = {2149--2159},
  doi       = {10.48550/arXiv.2109.07161}
}

@Techreport{Python,
    title= {Python tutorial},
    author = {G. van Rossum},
    number={CS-R9526},
    institution= {Centrum voor Wiskunde en Informatica (CWI)},
    year= {1995},
    address={Amsterdam}
}

@Article{NumPy,
 title         = {Array programming with {NumPy}},
 author        = {Charles R. Harris and K. Jarrod Millman and Stefan J. van der Walt  and others},
 year          = {2020},
 journal       = {Nature},
 volume        = {585},
 number        = {7825},
 pages         = {357--362},
 doi           = {10.1038/s41586-020-2649-2},
 publisher     = {Springer Science and Business Media {LLC}}
}


@incollection{PyTorch,
title = {PyTorch: An Imperative Style, High-Performance Deep Learning Library},
author = {Paszke, Adam and Gross, Sam and Massa, Francisco and others},
booktitle = {Advances in Neural Information Processing Systems 32},
pages = {8024--8035},
year = {2019}
}

@online{Plotly, 
author = {Plotly Technologies Inc.}, 
title = {Collaborative data science}, 
publisher = {Plotly Technologies Inc.},
year = {2015}, 
url={https://plot.ly}
}

@online{PDBbind,
    title={{PDBbind} database},
year = {2020}, 
    url={http://www.pdbbind.org.cn/}
}

@online{PDB,
    title={{PDB} format},
year = {2022}, 
    url={https://en.wikipedia.org/wiki/Protein_Data_Bank_(file_format)}
}

@ONLINE{HDF5,
    author = {{The HDF Group}},
    title = "{Hierarchical Data Format, version 5}",
    year = {2022},
    url={https://www.hdfgroup.org/HDF5/}
}

@misc{h5py,
  author={Andrew Collette},
  title={{HDF5 for Python}},
  year={2008},
  url={http://www.h5py.org/}
}

@online{WFal,
    title = {{Wagner-Fisher algorithm}},
year = {2022}, 
    url={https://en.wikipedia.org/wiki/Wagner-Fischer_algorithm}
}

@misc{RapidFuzz,
  author={Max Bachmann},
    title = {{RapidFuzz}},
  year={2020},
    url={https://github.com/maxbachmann/RapidFuzz}
}

@article{Ornate,
    author = {Pagès, Guillaume and Charmettant, Benoit and Grudinin, Sergei},
    title = "{Protein model quality assessment using 3D oriented convolutional neural networks}",
    journal = {Bioinformatics},
    volume = {35},
    number = {18},
    pages = {3313-3319},
    year = {2019},
    month = {02},
    issn = {1367-4803},
    doi = {10.1093/bioinformatics/btz122}
}

@article{conv_layer_img,
author = {Marcos, Diego and Volpi, Michele and Kellenberger, Benjamin and Tuia, Devis},
year = {2018},
month = {02},
pages = {},
title = {{Land cover mapping at very high resolution with rotation equivariant CNNs: Towards small yet accurate models}},
volume = {145},
journal = {ISPRS Journal of Photogrammetry and Remote Sensing},
doi = {10.1016/j.isprsjprs.2018.01.021}
}

@misc{U_Net,
  doi = {10.48550/ARXIV.1505.04597},
  url = {https://arxiv.org/abs/1505.04597},
  author = {Ronneberger, Olaf and Fischer, Philipp and Brox, Thomas},
  title = {{U-Net: Convolutional Networks for Biomedical Image Segmentation}},
  publisher = {arXiv},
  year = {2015}
}

@misc{bn_ics,
  doi = {10.48550/ARXIV.1502.03167},
  url = {https://arxiv.org/abs/1502.03167},
  author = {Ioffe, Sergey and Szegedy, Christian},
  title = {{Batch Normalization: Accelerating Deep Network Training by Reducing Internal Covariate Shift}},
  publisher = {arXiv},
  year = {2015}
}

@misc{bn_smooth,
  doi = {10.48550/ARXIV.1805.11604},
  url = {https://arxiv.org/abs/1805.11604},
  author = {Santurkar, Shibani and Tsipras, Dimitris and Ilyas, Andrew and Madry, Aleksander},
  title = {How Does Batch Normalization Help Optimization?},
  publisher = {arXiv},
  year = {2018}
}

@misc{bn_acc,
  doi = {10.48550/ARXIV.1805.10694},
  url = {https://arxiv.org/abs/1805.10694},
  author = {Kohler, Jonas and Daneshmand, Hadi and Lucchi, Aurelien and Zhou, Ming and Neymeyr, Klaus and Hofmann, Thomas},
  title = {{Exponential convergence rates for Batch Normalization: The power of length-direction decoupling in non-convex optimization}},
  publisher = {arXiv},
  year = {2018}
}

@article{pw_att,
title = {Multistage attention network for image inpainting},
journal = {Pattern Recognition},
volume = {106},
pages = {107448},
year = {2020},
issn = {0031-3203},
doi = {https://doi.org/10.1016/j.patcog.2020.107448},
url = {https://www.sciencedirect.com/science/article/pii/S003132032030251X},
author = {Ning Wang and Sihan Ma and Jingyuan Li and Yipeng Zhang and Lefei Zhang}
}

@online{mnist,
  author = {LeCun, Yann and Cortes, Corinna},
  title = {{MNIST} handwritten digit database},
  url = {http://yann.lecun.com/exdb/mnist/},
  year = {2010}
}

@InProceedings{cGCA,
  author    = {D Zhang and C Choi and I Park and YM Kim},
  title     = {Probabilistic Implicit Scene Completion},
  booktitle = {Proceedings of the Conference on International Conference on Learning Representations (ICLR)},
  year      = {2022}
}

@InProceedings{PDR,
  author    = {Z Lyu and Z Kong and X Xu and L Pan and D Lin},
  title     = {A Conditional Point Diffusion-Refinement Paradigm for 3D Point Cloud Completion},
  booktitle = {Proceedings of the Conference on International Conference on Learning Representations (ICLR)},
  year      = {2022},
  doi       = {10.48550/arXiv.2112.03530}
}